% Encoding: UTF-8

@TechReport{Zumbuehl2018,
  author      = {Zumbuehl, Maria and Dohmen, Thomas and Pfann, Gerard and others},
  title       = {Parental Involvement and the Intergenerational Transmission of Economic Preferences and Attitudes},
  institution = {University of Zurich, Department of Business Administration (IBW)},
  year        = {2018},
}

@Article{Heineck2010,
  author    = {Guido Heineck and Silke Anger},
  title     = {The returns to cognitive abilities and personality traits in Germany},
  journal   = {Labour Economics},
  year      = {2010},
  volume    = {17},
  number    = {3},
  pages     = {535--546},
  month     = {jun},
  publisher = {Elsevier},
}

@Article{Blanden2007,
  author    = {Jo Blanden and Paul Gregg and Lindsey Macmillan},
  title     = {Accounting for Intergenerational Income Persistence: Noncognitive Skills, Ability and Education},
  journal   = {The Economic Journal},
  year      = {2007},
  volume    = {117},
  number    = {519},
  pages     = {C43--C60},
  month     = {mar},
  publisher = {Wiley Online Library},
}

@Article{Caspi2001,
  author    = {Caspi, Avshalom and Roberts, Brent W},
  title     = {Personality development across the life course: The argument for change and continuity},
  journal   = {Psychological Inquiry},
  year      = {2001},
  volume    = {12},
  number    = {2},
  pages     = {49--66},
  publisher = {Taylor \& Francis},
}

@Article{Bowles2001,
  author  = {Bowles, Samuel and Gintis, Herbert and Osborne, Melissa},
  title   = {The determinants of earnings: A behavioral approach},
  journal = {Journal of economic literature},
  year    = {2001},
  volume  = {39},
  number  = {4},
  pages   = {1137--1176},
}

@Article{Heckman2006,
  author    = {Heckman, James J and Stixrud, Jora and Urzua, Sergio},
  title     = {The effects of cognitive and noncognitive abilities on labor market outcomes and social behavior},
  journal   = {Journal of Labor economics},
  year      = {2006},
  volume    = {24},
  number    = {3},
  pages     = {411--482},
  publisher = {The University of Chicago Press},
}

@Article{Doepke2017,
  author    = {Doepke, Matthias and Zilibotti, Fabrizio},
  title     = {Parenting with style: Altruism and paternalism in intergenerational preference transmission},
  journal   = {Econometrica},
  year      = {2017},
  volume    = {85},
  number    = {5},
  pages     = {1331--1371},
  publisher = {Wiley Online Library},
}

@Book{Feinstein2000,
  title     = {The relative economic importance of academic, psychological and behavioural attributes developed on childhood},
  publisher = {Centre for Economic Performance, London School of Economics and Political~â€¦},
  year      = {2000},
  author    = {Feinstein, Leon},
}

@Article{Nyhus2005,
  author    = {Nyhus, Ellen K and Pons, Empar},
  title     = {The effects of personality on earnings},
  journal   = {Journal of Economic Psychology},
  year      = {2005},
  volume    = {26},
  number    = {3},
  pages     = {363--384},
  publisher = {Elsevier},
}

@Article{Judge1999,
  author    = {Judge, Timothy A and Higgins, Chad A and Thoresen, Carl J and Barrick, Murray R},
  title     = {The big five personality traits, general mental ability, and career success across the life span},
  journal   = {Personnel psychology},
  year      = {1999},
  volume    = {52},
  number    = {3},
  pages     = {621--652},
  publisher = {Wiley Online Library},
}

@InCollection{Almlund2011,
  author    = {Almlund, Mathilde and Duckworth, Angela Lee and Heckman, James and Kautz, Tim},
  title     = {Personality psychology and economics},
  booktitle = {Handbook of the Economics of Education},
  publisher = {Elsevier},
  year      = {2011},
  volume    = {4},
  pages     = {1--181},
}

@Article{Piatek2016,
  author    = {Piatek, R{\'e}mi and Pinger, Pia},
  title     = {Maintaining (locus of) control? Data combination for the identification and inference of factor structure models},
  journal   = {Journal of Applied Econometrics},
  year      = {2016},
  volume    = {31},
  number    = {4},
  pages     = {734--755},
  publisher = {Wiley Online Library},
}

@Article{Komarraju2011,
  author    = {Komarraju, Meera and Karau, Steven J and Schmeck, Ronald R and Avdic, Alen},
  title     = {The Big Five personality traits, learning styles, and academic achievement},
  journal   = {Personality and individual differences},
  year      = {2011},
  volume    = {51},
  number    = {4},
  pages     = {472--477},
  publisher = {Elsevier},
}

@Article{Bisin2001,
  author    = {Bisin, Alberto and Verdier, Thierry},
  title     = {The economics of cultural transmission and the dynamics of preferences},
  journal   = {Journal of Economic theory},
  year      = {2001},
  volume    = {97},
  number    = {2},
  pages     = {298--319},
  publisher = {Elsevier},
}

@Article{Schmitt2008,
  author    = {Schmitt, David P and Realo, Anu and Voracek, Martin and Allik, J{\"u}ri},
  title     = {Why can't a man be more like a woman? Sex differences in Big Five personality traits across 55 cultures.},
  journal   = {Journal of personality and social psychology},
  year      = {2008},
  volume    = {94},
  number    = {1},
  pages     = {168},
  publisher = {American Psychological Association},
}

@Article{Soto2011,
  author    = {Soto, Christopher J and John, Oliver P and Gosling, Samuel D and Potter, Jeff},
  title     = {Age differences in personality traits from 10 to 65: Big Five domains and facets in a large cross-sectional sample.},
  journal   = {Journal of personality and social psychology},
  year      = {2011},
  volume    = {100},
  number    = {2},
  pages     = {330},
  publisher = {American Psychological Association},
}

@Article{Caspi2005,
  author        = {Caspi, Avshalom and Roberts, Brent W and Shiner, Rebecca L},
  title         = {Personality development: Stability and change},
  journal       = {Annu. Rev. Psychol.},
  year          = {2005},
  volume        = {56},
  pages         = {453--484},
  __markedentry = {[nlang:]},
  publisher     = {Annual Reviews},
}

@Article{Falk2018,
  author        = {Falk, Armin and Becker, Anke and Dohmen, Thomas and Enke, Benjamin and Huffman, David and Sunde, Uwe},
  title         = {Global evidence on economic preferences},
  journal       = {The Quarterly Journal of Economics},
  year          = {2018},
  volume        = {133},
  number        = {4},
  pages         = {1645--1692},
  __markedentry = {[nlang:6]},
  publisher     = {Oxford University Press},
}

@Comment{jabref-meta: databaseType:bibtex;}
